@article{caserman2020quality,
    author = {Caserman, Polona and Hoffmann, Katrin and M{\"u}ller, Philipp and Schaub, Marcel and Stra√üburg, Katharina and Wiemeyer, Josef and Bruder, Regina and G{\"o}bel, Stefan},
    year = {2020},
    month = {04},
    pages = {},
    title = {{Quality Criteria for Serious Games: Serious Part, Game Part, and Balance}},
    volume = {8},
    number = {3},
    journal = {JMIR Serious Games},
    doi = {10.2196/19037}
}

@article{tregel2021looking,
    title={{Looking for Charizard: applying the orienteering problem to location-based games}},
    author={Tregel, Thomas and M{\"u}ller, Philipp Niklas and G{\"o}bel, Stefan and Steinmetz, Ralf},
    journal={The Visual Computer},
    volume={37},
    number={1},
    pages={31--45},
    year={2021},
    publisher={Springer},
    doi = {10.1007/s00371-019-01737-z}
}

@inproceedings{achenbach2021rock,
    title={{Rock beats Scissor: SVM based gesture recognition with data gloves}},
    author={Achenbach, Philipp and M{\"u}ller, Philipp Niklas and Wach, Tobias Alexander and Tregel, Thomas and G{\"o}bel, Stefan},
    booktitle={2021 IEEE International Conference on Pervasive Computing and Communications Workshops and other Affiliated Events (PerCom Workshops)},
    pages={617--622},
    year={2021},
    organization={IEEE}
}

@misc{PokemonGO,
    key          = {Pok{\'e}mon GO},
    title        = {{Pok{\'e}mon GO}},
    howpublished = {{The Pok{\'e}mon Company, Nintendo. Niantic, Inc.}},
    year         = {2016},
    note         = {Android, iOS}
}

@misc{SGIC,
    title={{Serious Games Information Center}},
    %author={},
    %month={12},
    %year={2099},
    howpublished={Available: \url{https://seriousgames-portal.org/}},
    note={[Letzter Zugriff: 31. Februar, 2099]}
}

@misc{BibLaTeX,
    title={{CTAN: Paket BibLaTeX}},
    howpublished={Available: \url{https://ctan.org/pkg/biblatex}},
    note={[Letzter Zugriff: 14. October, 2021]}
}