@article{law2018systematic,
  author  = {Law},
  title   = {{Systematic Review and Validation of the Game Experience Questionnaire (GEQ) - Implications for Citation and Reporting Practice}},
  year    = {2018},
  month   = {04},
  pages   = {},
  volume  = {8},
  number  = {3},
  journal = {JMIR Serious Games},
  doi     = {10.1234}
}

@article{caserman2020quality,
  author  = {Caserman, Polona and Hoffmann, Katrin and M{\"u}ller, Philipp and Schaub, Marcel and Straßburg, Katharina and Wiemeyer, Josef and Bruder, Regina and G{\"o}bel, Stefan},
  title   = {{Quality Criteria2 for Serious Games: Serious Part, Game Part, and Balance}},
  year    = {2020},
  month   = {04},
  pages   = {},
  volume  = {8},
  number  = {3},
  journal = {JMIR Serious Games},
  doi     = {10.2196/19037}
}

@article{poels2007game,
  author = {Poels},
  title  = {Game Experience Questionnaire},
  year   = {2007}
}

@article{rigby2007player,
  author = {Rigby},
  title  = {The Player Experience of Need Satisfaction (PENS)},
  year   = {2007}
}

@article{mayer2013research,
  author  = {Mayer, Igor and Bekebrede, Geertje and Harteveld, Casper and Warmelink, Harald and Zhou, Qiqi and Theo van Ruijven and Julia Lo and Rens Kortmann and Ivo Wenzler},
  title   = {{The research and evaluation of serious games: Toward a comprehensive methodology}},
  year    = {2013},
  month   = {01},
  pages   = {},
  volume  = {8},
  number  = {3},
  journal = {British Journal of Educational Technology},
  doi     = {10.1111},
}

@article{jackson1996development,
  author = {Jackson},
  title  = {Development and Validation of a Scale to Measure Optimal Experience The Flow State Scale},
  year   = {1996}
}

@article{fogel2010effects,
  author = {Fogel},
  title  = {Effects of exergaming on physical activity among inactive children},
  year   = {2010}
}

@article{lai2013effects,
  author = {Lai},
  title  = {Effects of interactive video-game based system exercise on the balance of the},
  year   = {2013}
}

@article{gao2019effects,
  author = {Gao},
  title  = {Effects of exergaming on motor skill competence, perceived competence},
  year   = {2019}
}

@article{yang2017motives,
  author = {Yang},
  title  = {Motives Matter Motives for Playing Pokémon Go and Implications for Well-Being},
  year   = {2017}
}

@article{marquet2017examining,
  author = {Marquet},
  title  = {Examining motiviations to play pokemon go},
  year   = {2017}
}

@article{nacke2015physiological,
  author = {Nacke},
  title  = {Physiological game evaluation},
  year   = {2015}
}

@article{mandryk2006using,
  author = {Mandryk},
  title  = {Using psychophysiological techniques to measure entertainment},
  year   = {2006}
}

@article{nacke2008flow,
  author = {Nacke},
  title  = {Flow and immersion in FPS; Measuring gameplay experience},
  year   = {2008}
}

@article{the2015psychophysiology,
  author = {Ravaja},
  title  = {The psychophysiology of James Bond; Phasic emotional responses to violent video game events},
  year   = {2015}
}

@article{vorderer2003enjoyment,
  author = {Vorderer},
  title  = {Enjoyment at the heart of Media Entertainment},
  year   = {2003}
}

@article{bernhaupt2015game,
  author = {Bernhaupt},
  title  = {Game User Experience Evaluation},
  year   = {2015}
}

@article{levenson1992emotion,
  author = {Levenson},
  title  = {Emotion and Autonomic Nervous System Activity in the Minangkabau of West Sumatra},
  year   = {1992}
}

@article{hamdi2015emotion,
  author = {Hamdi},
  title  = {Emotion Recognition based on Heart Rate and Skin Conductance V6},
  year   = {2015}
}

@article{javorka2002heart,
  author = {Javorka},
  title  = {Heart rate recovery after exercise},
  year   = {2002}
}

@article{ravaja2018phasic,
  author = {Ravaja},
  title  = {Phasic Emotional Reactions to Video Game Events},
  year   = {2018}
}

@article{kim2021soft,
  author = {Kim},
  title  = {Soft Wireless Bioelectronics and Differential Electrodermal Activity for Home Sleep Monitoring},
  year   = {2021}
}

@article{levenson2003blood,
  author = {Levenson},
  title  = {Blood sweat and fears - the automatic architecture of emotion},
  year   = {2003}
}

@article{seo2019automatic,
  author = {Seo},
  title  = {Automatic Emotion-Based Music Classification for Supporting Intelligent IoT Applications},
  year   = {2019}
}

@article{gillinov2017variable,
  author = {Gillinov},
  title  = {Variable Accuracy of Wearable Heart Rate Monitors during Aerobic Exercise},
  year   = {2017}
}

@article{gomez2018computational,
  author = {Gomez},
  title  = {Computational EEG Analysis Techniques When Playing Video Games A Systematic Review},
  year   = {2018}
}

@article{mcmahan2018evaluating,
  author = {McMahan},
  title  = {Evaluating Electroencephalography Engagement Indices during video game play},
  year   = {2018}
}

@article{appelhans2006heat,
  author = {Appelhans},
  title  = {Heat rate variability as index of regulated emotional responding},
  year   = {2006}
}

@article{ferdinando2014emotion,
  author = {Ferdinando},
  title  = {Emotion recognition by heart rate variability},
  year   = {2014}
}

@article{homma2008breathing,
  author = {Homma},
  title  = {Breathing rhythms and emotions},
  year   = {2008}
}

@article{nyklicek1997cardiorespiratory,
  author = {Nyklicek},
  title  = {Cardiorespiratory differentiation of musically-induced emotions},
  year   = {1997}
}

@article{natarajan2021measurement,
  author = {Natarajan},
  title  = {Measurement of respiratory rate using wearable devices and applications to COVID-19 detection},
  year   = {2021}
}

@article{boiten1998effects,
  author = {Boiten},
  title  = {The effects of emotional behaviour on components of the respiratory cycle},
  year   = {1998}
}

@article{melchior2014internet,
  author = {Melchior},
  title  = {Internet and video game use in relation to overweight in young adults},
  year   = {2014}
}

@article{kowert2014unpopular,
  author = {Kowert},
  title  = {Unpopular, Overweight, and Socially Inept; Reconsidering the stereotype of online gamers},
  year   = {2014}
}

@article{khamzina2019impact,
  author = {Khamzina},
  title  = {Impact of Pokemon Go on Physical Activity},
  year   = {2019}
}

@article{kato2008video,
  author = {Kato},
  title  = {A video game improves behavioral outcomes in adolescents and young adults with cancer a randomized trial},
  year   = {2008}
}

@article{baranowski2012impact,
  author = {Baranowski},
  title  = {Impact of an Active Video Game on Healthy Children’s Physical Activity},
  year   = {2012}
}

@article{baranowski2016exergaming,
  author = {Baranowski},
  title  = {Exergaming; Hope for future physical activity or blight on mankind},
  year   = {2016}
}

@article{zheng2017systematic,
  author = {Zheng},
  title  = {A systematic review of active video games on rehabilitative outcomes},
  year   = {2017}
}

@article{jackson1998psychological,
  author = {Jackson},
  title  = {Psychological correlates of flow in sport},
  year   = {1998}
}

@article{pietrabissa2020development,
  author = {Giada Pietrabissa and Alessandro Rossi and Maria Borrello and Gian Mauro Manzoni and Stefania Mannarini and Gianluca Castelnuovo and Enrico Molinari},
  title  = {Development and Validation of a Self-Determination Theory-Based Measure of Motivation to Exercise and Diet in Childrent},
  year   = {2020}
}

@article{lohmann2017measuring,
  author = {Julia Lohmann and Aurélia Souares and Justin Tiendrebéogo and Nathalie Houlfort and Paul Jacob Robyn and Serge M. A. Somda and Manuela De Allegri },
  title  = {Measuring health workers’ motivation composition validation of a scale based on Self-Determination Theory in Burkina Faso},
  year   = {2017}
}

@article{richards2021further,
  author = {Richards, Dylan K. and Pearson, Matthew R. and Field, Craig A.},
  title  = {Further validation of the Treatment Self-Regulation Questionnaire for assessing motivations for responsible drinking; A test of self-determination theory},
  year   = {2021}
}

@article{deci1985intrinsic,
  author = {Edward L. Deci and Richard M. Ryan},
  title  = {Intrinsic Motivation and Self-Determination in Human Behavior},
  year   = {1985}
}

@article{johnson2018validation,
  author = {Daniel Johnson and M. John Gardner and Ryan Perry},
  title  = {Validation of two game experience scales: The Player Experience of Need Satisfaction (PENS) and Game Experience Questionnaire (GEQ)},
  year   = {2018}
}

@article{kivikangas2011review,
  author = {J. MATIAS KIVIKANGAS and GUILLAUME CHANEL and and BEN COWLEY and INGER EKMAN and MIKKO SALMINEN and SIMO JÄRVELÄ and
NIKLAS RAVAJA },
  title  = {A review of the use of psychophysiological methods in game research},
  year   = {2011}
}


@article{dawson2000electrodermal,
  author = {Michael E. Dawson and Anne M. Schell and Diane L. Filion},
  title  = {The electrodermal system; in:  J. T. Cacioppo, L. G. Tassinary and G. G. Berntson (eds), Handbook of Psychophysiology, New York, NY: Cambridge University Press},
  year   = {2000}
}
51 LANG  May 1993 
@article{lang93pictures,
  author = {PETER J. LANG and MARK K. C.REENWALD and MARGARET M. BRADLEY and ALFONS O. HAMM},
  title  = {Looking at pictures: Affective  facial  visceral  and behavioral reactions},
  year   = {1993}
}

@article{hernandez19invisible,
  author = {Monica Perusquía-Hernández and Saho Ayabe-Kanamura and Kenji Suzuki and Shiro Kumano},
  title  = {The Invisible Potential of Facial Electromyography},
  year   = {2019}
}

@article{lu15combining,
  author = {Yifei Lu and Wei-Long Zheng and Binbin Li and Bao-Liang Lu},
  title  = {Combining Eye Movements and EEG to Enhance Emotion Recognition},
  year   = {2015}
}

@article{santos2020active,
  author = {Isis Kelly dos Santos  and  Rafaela Catherine da Silva Cunha de Medeiros  and  Jason Azevedo de Medeiros  and Paulo Francisco de Almeida-Neto  and  Dianne Cristina Souza de Sena  and  Ricardo Ney Cobucci  and Ricardo Santos Oliveira  and  Breno Guilherme de Araújo Tinoco Cabral  and Paulo Moreira Silva Dantas},
  title  = {Active Video Games for Improving Mental Health and Physical Fitness - An alternative for children and adoloscents during social isolation; an overview},
  year   = {2020}
}

@article{peng2011playing,
  author = {Peng},
  title  = {Is Playing Exergames Really Exercising A meta-analysis of energy expenditure in active video games},
  year   = {2011}
}

@article{makivic2013heart,
  author = {Makivic},
  title  = {Heart Rate Variability (HRV) as a Tool for Diagnostic and Monitoring Performance in Sport and Physical Activities},
  year   = {2013}
}

@article{hortobagyi2012effects,
  author = {Hortobagyi},
  title  = {Effects of Exercise Dose and Detraining Duration of Mobility at late midlife; a randomized clinical trial},
  year   = {2021}
}

@article{andrade2020effect,
  author = {Alexandro Andrade ,Whyllerton Mayron da Cruz,Clara Knierim Correia,Ana Luiza Goya Santos,Guilherme Guimarães Bevilacqua},
  title  = {Effect of practice exergames on the mood states and self-esteem of elementary school boys and girls during physical education classes: A cluster-randomized controlled natural experiment},
  year   = {2020}
}

@article{hardy2011adoption,
  author = {Hardy},
  title  = {Adaption model for indoor exergames},
  year   = {2011}
}

@article{haskell2007recommendation,
  author = {Haskell},
  title  = {Updated Recommendation for Adults From the American College of Sport Midicine and the American Heart Association},
  year   = {2007}
}

@article{hammond1985normal,
  author = {H. Kirk Hammond and Victor F. Froelicher},
  title  = {Normal and Abnormal Heart Rate Responses to Exercise },
  year   = {1985}
}

@article{boettger2010heart,
  author = {SILKE BOETTGER and CHRISTIAN PUTA and VIKRAM K. YERAGANI and LARS DONATH and HANS-JOSEF MÜLLER and HOLGER H. W. GABRIEL and KARL-JUÜRGEN BÄR},
  title  = {Heart Rate Variability, QT Variability, and Electrodermal Activity during Exercise},
  year   = {2010}
}

% @article{NAME,
%   author = {AUTHORS},
%   title  = {TITLE},
%   year   = {YEAH}
% }

% @article{NAME,
%   author = {AUTHORS},
%   title  = {TITLE},
%   year   = {YEAH}
% }

% @article{NAME,
%   author = {AUTHORS},
%   title  = {TITLE},
%   year   = {YEAH}
% }

% @article{NAME,
%   author = {AUTHORS},
%   title  = {TITLE},
%   year   = {YEAH}
% }

% @article{NAME,
%   author = {AUTHORS},
%   title  = {TITLE},
%   year   = {YEAH}
% }
% @article{NAME,
%   author = {AUTHORS},
%   title  = {TITLE},
%   year   = {YEAH}
% }

% @article{NAME,
%   author = {AUTHORS},
%   title  = {TITLE},
%   year   = {YEAH}
% }

% @article{NAME,
%   author = {AUTHORS},
%   title  = {TITLE},
%   year   = {YEAH}
% }

% @article{NAME,
%   author = {AUTHORS},
%   title  = {TITLE},
%   year   = {YEAH}
% }

% @article{NAME,
%   author = {AUTHORS},
%   title  = {TITLE},
%   year   = {YEAH}
% }

% @article{NAME,
%   author = {AUTHORS},
%   title  = {TITLE},
%   year   = {YEAH}
% }

% @article{NAME,
%   author = {AUTHORS},
%   title  = {TITLE},
%   year   = {YEAH}
% }
Intrinsic Motivation and Self-Determination in Human Behavior
@misc{link_pokemongo,
  howpublished = "\url{https://en wikipedia.org/wiki/List_of_most-played_mobile_games_by_player_count}",
  note = "[Online; accessed 31-May-2023]"
}

@misc{link_remission,
  howpublished = "\url{https://www.re-mission2.org}",
  note         = "{"[Online; accessed 31-May-2023]"}"
}

@misc{link_herzfrequenzsensor,
  howpublished = "\url{https://www.amazon.de/Polar-Herzfrequenz-Sensor-Bluetooth-Wasserdichter-Brustgurt/dp/B07PM54P4N}",
  note         = "{"[Online; accessed 31-May-2023]"}"
}

@misc{link_emotiv,
  howpublished = "\url{https://www.emotiv.com/epoc-flex/}",
  note         = "[Online; accessed 31-May-2023]"
}